%%% Book theory
    @book{LFD,
    author = {Yaser S. Abu-Mostafa, Malik Magdon-Ismail, Hsuan-Tien Lin} , 
    title = {Learing From Data. A Short Course},
    publisher = {AMLbook},
    pages = {93},  
    year = {2012}, 
    url = {AMLbook.com}
}

%%__________ Numpy doccumentation ________

    %%% float 64 bytes data type 
@misc{float64,
    title = {Numpy basic data types documentation},
    author = {Numpy documentation},
    year = {2021}, 
    url = {https://numpy.org/doc/stable/user/basics.types.html}
}


 %%%% matrix multiplication

  

    @misc{dot,
    title = {Numpy matrix multiplicacion,  documentation},
    author = {Numpy documentation},
    year = {2021}, 
    url = {  https://numpy.org/doc/stable/reference/generated/numpy.dot.html}
}


    
 %%%% transpose matrix 

 
    @misc{transpose,
    title = {Numpy transpose matrix,  documentation},
    author = {Numpy documentation},
    year = {2021}, 
    url = { https://numpy.org/doc/stable/reference/generated/numpy.matrix.transpose.html}
}


   %%% inverse matrix

     @misc{inverse,
    title = {Numpy inverse matrix,  documentation},
    author = {Numpy documentation},
    year = {2021}, 
    url = { https://numpy.org/doc/stable/reference/generated/numpy.linalg.inv.html}
    }


    %%% pseudo inverse https://numpy.org/doc/stable/reference/generated/numpy.linalg.pinv.html

      %%% inverse matrix

     @misc{pseudo-inverse,
    title = {Numpy pseudo-inverse matrix,  documentation},
    author = {Numpy documentation},
    year = {2021}, 
    url = {https://numpy.org/doc/stable/reference/generated/numpy.linalg.pinv.html}
    }



    %% norm https://numpy.org/doc/stable/reference/generated/numpy.linalg.norm.html


        @misc{norm,
    title = {norm,  documentation},
    author = {Numpy documentation},
    year = {2021}, 
    url = {https://numpy.org/doc/stable/reference/generated/numpy.linalg.norm.html}
    }


  %% mean squared error wikipedia https://en.wikipedia.org/wiki/Mean_squared_error#Interpretation

          @misc{MSE,
    title = {Mean squared error wikipedia},
    author = { wikipedia},
    year = {2021}, 
    url = {https://en.wikipedia.org/wiki/Mean_squared_error#Interpretation}
    }
